@incollection{Wieber2006,
year={2006},
isbn={978-3-540-36118-3},
booktitle={Fast Motions in Biomechanics and Robotics},
volume={340},
series={Lecture Notes in Control and Information Sciences},
editor={Diehl, Moritz and Mombaur, Katja},
doi={10.1007/978-3-540-36119-0_20},
title={Holonomy and Nonholonomy in the Dynamics of Articulated Motion},
url={http://dx.doi.org/10.1007/978-3-540-36119-0_20},
publisher={Springer Berlin Heidelberg},
author={Wieber, P.-B.},
pages={411-425},
language={English}
}
@incollection{Wieber2015,
year={2015},
booktitle={Springer Handbook of Robotics, 2nd Ed},
chapter={48},
series={Lecture Notes in Control and Information Sciences},
editor={Siciliano and Khatib},
title={Modeling and Control of Legged Robots},
publisher={Springer Berlin Heidelberg},
author={Wieber, P.-B., Tedrake R., Kuindersma S.},
language={English}
}


%%%%%%%%%%%%%%%%%%%%%%%%%%%%%%%%%%%%%%%%%%%%%%%%%%%%%%%%%%%%%%%%%%%%%%%%%%%%%%%%%%%%%%%%%%%%%%%%%%%%%%%%%%
% On Limit-Cycle Oscilator Gaiting
%%%%%%%%%%%%%%%%%%%%%%%%%%%%%%%%%%%%%%%%%%%%%%%%%%%%%%%%%%%%%%%%%%%%%%%%%%%%%%%%%%%%%%%%%%%%%%%%%%%%%%%%%%
@article{Park2014,
year={2014},
title={Quadruped Bounding Control with Variable Duty Cycle via
Vertical Impulse Scaling},
publisher={Institute of Electrical and Electronics Engineers (IEEE)},
author={Park, Hae-Won, Meng Yee (Michael) Chuah, and Sangbae Kim},
language={English}
}
@article{Collins1993,
year={1993},
issn={0340-1200},
journal={{B}iological {C}ybernetics},
volume={68},
number={4},
doi={10.1007/BF00201854},
title={Hexapodal gaits and coupled nonlinear oscillator models},
url={http://dx.doi.org/10.1007/BF00201854},
publisher={Springer-Verlag},
author={Collins, J.J. and Stewart, Ian},
pages={287-298},
language={English}
}
@article{Ajallooeian2013, 
author={Ajallooeian{,} M. and Gay{,} S. and Tuleu{,} A. and Sprowitz{,} A and Ijspeert{,} A.J.}, 
booktitle={{IEEE/RSJ} {I}nternational {C}onference on Intelligent {R}obots and {S}ystems}, 
title={Modular control of limit cycle locomotion over unperceived rough terrain}, 
year={2013}, 
month={Nov}, 
pages={3390-3397}, 
keywords={control system synthesis;feedback;legged locomotion;limit cycles;oscillators;CPG model;Oncilla robot;central pattern generator;compliant quadruped robot;coupled nonlinear oscillators;feedbacks;leg extension reflexes;limit cycle locomotion;modular control;stumbling correction;unperceived rough terrain;Attitude control;Joints;Legged locomotion;Oscillators;Robot kinematics;Robot sensing systems}, 
doi={10.1109/IROS.2013.6696839}, 
ISSN={2153-0858}
}
@article{Matsuoka1985,
year={1985},
issn={0340-1200},
journal={Biological Cybernetics},
volume={52},
number={6},
doi={10.1007/BF00449593},
title={Sustained oscillations generated by mutually inhibiting neurons with adaptation},
url={http://dx.doi.org/10.1007/BF00449593},
publisher={Springer-Verlag},
author={Matsuoka, Kiyotoshi},
pages={367-376},
language={English}
}


%%%%%%%%%%%%%%%%%%%%%%%%%%%%%%%%%%%%%%%%%%%%%%%%%%%%%%%%%%%%%%%%%%%%%%%%%%%%%%%%%%%%%%%%%%%%%%%%%%%%%%%%%%
% Fast Gaiting
%%%%%%%%%%%%%%%%%%%%%%%%%%%%%%%%%%%%%%%%%%%%%%%%%%%%%%%%%%%%%%%%%%%%%%%%%%%%%%%%%%%%%%%%%%%%%%%%%%%%%%%%%%
@article{Sprowitz2013,
 author = {Spr√∂witz, Alexander and Tuleu, Alexandre and Vespignani, Massimo and Ajallooeian, Mostafa and Badri, Emilie and Ijspeert, Auke Jan},
 title = {Towards Dynamic Trot Gait Locomotion: Design, Control, and Experiments with Cheetah-cub, a Compliant Quadruped Robot},
 journal = {Int. J. Rob. Res.},
 issue_date = {July      2013},
 volume = {32},
 number = {8},
 month = jul,
 year = {2013},
 issn = {0278-3649},
 pages = {932--950},
 numpages = {19},
 url = {http://dx.doi.org/10.1177/0278364913489205},
 doi = {10.1177/0278364913489205},
 acmid = {2502926},
 publisher = {Sage Publications, Inc.},
 address = {Thousand Oaks, CA, USA},
 keywords = {coupled oscillator, drive function, pantograph, passive compliance, robotic leg design, robust locomotion, self-stabilizing quadruped locomotion, three-segment},
} 


%%%%%%%%%%%%%%%%%%%%%%%%%%%%%%%%%%%%%%%%%%%%%%%%%%%%%%%%%%%%%%%%%%%%%%%%%%%%%%%%%%%%%%%%%%%%%%%%%%%%%%%%%%
% On CPG Gaiting
%%%%%%%%%%%%%%%%%%%%%%%%%%%%%%%%%%%%%%%%%%%%%%%%%%%%%%%%%%%%%%%%%%%%%%%%%%%%%%%%%%%%%%%%%%%%%%%%%%%%%%%%%%
@article{Righetti2006, 
author={Righetti, L. and Ijspeert, A.J.}, 
booktitle={{P}roceedings 2006 {IEEE} {I}nternational {C}onference on {R}obotics and {A}utomation}, 
title={Programmable central pattern generators: an application to biped locomotion control}, 
year={2006}, 
month={May}, 
pages={1585-1590}, 
doi={10.1109/ROBOT.2006.1641933}, 
ISSN={1050-4729}
}
@article{Rutishauser2008, 
author={Rutishauser, Simon and Sprowitz, A and Righetti, L. and Ijspeert, A.J.}, 
booktitle={2nd {IEEE} {RAS} {EMBS} {I}nternational {C}onference on {B}iomedical {R}obotics and {B}iomechatronics}, 
title={Passive compliant quadruped robot using {C}entral {P}attern {G}enerators for locomotion control}, 
year={2008}, 
month={Oct}, 
pages={710-715}, 
keywords={medical robotics;mobile robots;motion control;servomotors;Cheetah robot;RC servo motors;central pattern generators;knee joints;locomotion control;passive compliant quadruped robot;three-segment pantographic legs;Centralized control;Electronic equipment testing;Hip;Knee;Leg;Legged locomotion;Orbital robotics;Robots;Servomechanisms;Servomotors}, 
doi={10.1109/BIOROB.2008.4762878},}
@article{Ijspeert2008,
author={Ijspeert, Auke Jan},
journal={Neural networks},
title={Central pattern generators for locomotion control in animals and robots: {A} review},
number=4,
issn={1879-2782},
publisher={Pergamon},
year=2008,
volume=21,
doi={10.1016/j.neunet.2008.03.014},
address={New York}
}
@INPROCEEDINGS{Matos2010, 
author={Matos, Vitor and Santos, Cristina P.}, 
booktitle={{IEEE/RSJ} {I}nternational {C}onference on {I}ntelligent {R}obots and {S}ystems}, 
title={Omnidirectional locomotion in a quadruped robot: {A} {CPG}-based approach}, 
year={2010}, 
month={Oct}, 
pages={3392-3397}, 
keywords={legged locomotion;robot kinematics;CPG;CPG based approach;angular velocity;central pattern generators;coupled oscillators;motor patterns;omnidirectional locomotion;online generation;quadruped locomotion;quadruped robot;robots translational speed;rough terrain;unpredictable environments;walking orientation}, 
doi={10.1109/IROS.2010.5652667}, 
ISSN={2153-0858},}
@INPROCEEDINGS{Endo2004, 
author={Endo, G. and Morimoto, J. and Nakanishi, J. and Cheng, G.}, 
booktitle={Robotics and Automation, 2004. Proceedings. ICRA '04. 2004 IEEE Int. Conf. on}, 
title={An empirical exploration of a neural oscillator for biped locomotion control}, 
year={2004}, 
month={April}, 
volume={3}, 
pages={3036-3042 Vol.3}, 
keywords={humanoid robots;legged locomotion;motion control;neurocontrollers;biologically related algorithms;biped locomotion control;compass-like biped robot;energy efficiency;gait variations;human-like locomotion;humanoid;neural activity;neural oscillator;Biological system modeling;Humans;Information processing;Joints;Laboratories;Legged locomotion;Muscles;Neuroscience;Oscillators;Robots}, 
doi={10.1109/ROBOT.2004.1307523}, 
ISSN={1050-4729},}


%%%%%%%%%%%%%%%%%%%%%%%%%%%%%%%%%%%%%%%%%%%%%%%%%%%%%%%%%%%%%%%%%%%%%%%%%%%%%%%%%%%%%%%%%%%%%%%%%%%%%%%%%%
% Reflexive CPG Adaptation
%%%%%%%%%%%%%%%%%%%%%%%%%%%%%%%%%%%%%%%%%%%%%%%%%%%%%%%%%%%%%%%%%%%%%%%%%%%%%%%%%%%%%%%%%%%%%%%%%%%%%%%%%%
@INPROCEEDINGS{Fukuoka2003, 
author={Fukuoka, Y. and Kimura, H. and Hada, Y. and Takase, K.}, 
booktitle={Robotics and Automation, 2003. Proceedings. ICRA '03. IEEE Int. Conf. on}, 
title={Adaptive dynamic walking of a quadruped robot 'Tekken' on irregular terrain using a neural system model}, 
year={2003}, 
month={Sept}, 
volume={2}, 
pages={2037-2042 vol.2}, 
keywords={PD control;legged locomotion;motion control;robot dynamics;robot kinematics;stability;PD controller;adaptive dynamic walking;central pattern generator;irregular terrain;muscle viscoelasticity model;neural mechanical system;neural system model;phase signal;quadruped robot;rolling motion feedback;virtual spring damper system;Animals;Biological system modeling;Control systems;Leg;Legged locomotion;Muscles;Neurons;Orbital robotics;Oscillators;World Wide Web}, 
doi={10.1109/ROBOT.2003.1241893}, 
ISSN={1050-4729},}

@article{Fukuoka2015,
year={2015},
journal={Sci. Rep.},
volume={5},
doi={10.1007/BF00449593},
title={A simple rule for quadrupedal gait generation determined by leg loading feedback: a modeling study},
url={http://dx.doi.org/10.1038/srep08169},
publisher={Macmillan Publishers Limited. All rights reserved},
author={Fukuoka, Y. and Yasushi, H. and Takahiro, F.}, 
language={English}
}



%%%%%%%%%%%%%%%%%%%%%%%%%%%%%%%%%%%%%%%%%%%%%%%%%%%%%%%%%%%%%%%%%%%%%%%%%%%%%%%%%%%%%%%%%%%%%%%%%%%%%%%%%%
% NARX and Learning Stuff
%%%%%%%%%%%%%%%%%%%%%%%%%%%%%%%%%%%%%%%%%%%%%%%%%%%%%%%%%%%%%%%%%%%%%%%%%%%%%%%%%%%%%%%%%%%%%%%%%%%%%%%%%%
@ARTICLE{Tsungnan1996, 
author={Tsungnan Lin and Horne, B.G. and Tino, P. and Giles, C.L.}, 
journal={Neural Networks, IEEE Transactions on}, 
title={Learning long-term dependencies in {NARX} recurrent neural networks}, 
year={1996}, 
month={Nov}, 
volume={7}, 
number={6}, 
pages={1329-1338}, 
keywords={autoregressive processes;generalisation (artificial intelligence);learning (artificial intelligence);recurrent neural nets;NARX recurrent neural networks;grammatical inference;information latching;information retention;long-term dependencies;nonlinear autoregressive models with exogenous recurrent neural networks;nonlinear system identification;representational capabilities;Computer science;Ear;Intelligent networks;National electric code;Neural networks;Nonlinear dynamical systems;Power system modeling;Recurrent neural networks;Robustness;System identification}, 
doi={10.1109/72.548162}, 
ISSN={1045-9227},}
@incollection{ChenBillings1990,
year={1990},
booktitle={Int. Journal of Control},
volume={51},
issue={6},
series={Lecture Notes in Control and Information Sciences},
doi={10.1007/978-3-540-36119-0_20},
title={Non-linear system identification using neural networks},
url={http://www.tandfonline.com/doi/citedby/10.1080/00207179008934126#.VOZxNeaIL3k},
publisher={Taylor and Francis},
author={Chen S., Billings S. A., Grant P. M.},
pages={1191-1214},
language={English}
}
@MISC{Hihi1996,
author = {Salah El Hihi and Yoshua Bengio},
title = {Hierarchical Recurrent Neural Networks for Long-Term Dependencies},
year = {1996}
}
@BOOK{Billings2013,
author = {Billings, S. A},
title = {Nonlinear system identification : NARMAX methods in the time, frequency, and spatio-temporal domains},
publisher={John Wiley and Sons Ltd},
year = {2013}
}
@article{Hartman1990,
author = {Hartman, Eric and Keeler, James D. and Kowalski, Jacek M.},
title = {Layered Neural Networks with Gaussian Hidden Units As Universal Approximations},
journal = {Neural Comput.},
volume = {2},
number = {2},
month = apr,
year = {1990},
issn = {0899-7667},
pages = {210--215},
numpages = {6},
url = {http://dx.doi.org/10.1162/neco.1990.2.2.210},
doi = {10.1162/neco.1990.2.2.210},
acmid = {83771},
publisher = {MIT Press},
address = {Cambridge, MA, USA},
} 

%%%%%%%%%%%%%%%%%%%%%%%%%%%%%%%%%%%%%%%%%%%%%%%%%%%%%%%%%%%%%%%%%%%%%%%%%%%%%%%%%%%%%%%%%%%%%%%%%%%%%%%%%%
% Backprop
%%%%%%%%%%%%%%%%%%%%%%%%%%%%%%%%%%%%%%%%%%%%%%%%%%%%%%%%%%%%%%%%%%%%%%%%%%%%%%%%%%%%%%%%%%%%%%%%%%%%%%%%%%
@incollection{Rumelhart1988,
author = {Rumelhart, David E. and Hinton, Geoffrey E. and Williams, Ronald J.},
chapter = {Learning Representations by Back-propagating Errors},
title = {Neurocomputing: Foundations of Research},
editor = {Anderson, James A. and Rosenfeld, Edward},
year = {1988},
isbn = {0-262-01097-6},
pages = {696--699},
numpages = {4},
url = {http://dl.acm.org/citation.cfm?id=65669.104451},
acmid = {104451},
publisher = {MIT Press},
address = {Cambridge, MA, USA},
}
@incollection{Rumelhart1995,
author = {Rumelhart, David E. and Durbin, Richard and Golden, Richard and Chauvin, Yves},
chapter = {Backpropagation: The Basic Theory},
title = {Backpropagation},
editor = {Chauvin, Yves and Rumelhart, David E.},
year = {1995},
isbn = {0-8058-1259-8},
pages = {1--34},
numpages = {34},
url = {http://dl.acm.org/citation.cfm?id=201784.201785},
acmid = {201785},
publisher = {L. Erlbaum Associates Inc.},
address = {Hillsdale, NJ, USA},
}
@ARTICLE{Battiti1992,
author = {Roberto Battiti},
title = {First and Second-Order Methods for Learning: between Steepest Descent and Newton's Method},
journal = {Neural Computation},
year = {1992},
volume = {4},
pages = {141--166}
}
@article{Magoulas1999,
author = {Magoulas, G. D. and Vrahatis, M. N. and Androulakis, G. S.},
title = {Improving the Convergence of the Backpropagation Algorithm Using Learning Rate Adaptation Methods},
journal = {Neural Comput.},
volume = {11},
number = {7},
month = {oct},
year = {1999},
issn = {0899-7667},
pages = {1769--1796},
numpages = {28},
url = {http://dx.doi.org/10.1162/089976699300016223},
doi = {10.1162/089976699300016223},
acmid = {334384},
publisher = {MIT Press},
address = {Cambridge, MA, USA},
}

%%%%%%%%%%%%%%%%%%%%%%%%%%%%%%%%%%%%%%%%%%%%%%%%%%%%%%%%%%%%%%%%%%%%%%%%%%%%%%%%%%%%%%%%%%%%%%%%%%%%%%%%%%
% Misc
%%%%%%%%%%%%%%%%%%%%%%%%%%%%%%%%%%%%%%%%%%%%%%%%%%%%%%%%%%%%%%%%%%%%%%%%%%%%%%%%%%%%%%%%%%%%%%%%%%%%%%%%%%
@manual{OpenDynamicsEngine,
author = {Smith, Russel},
title = {{O}pen {D}ynamics {E}ngine, http://www.ode.org/},
url = {http://www.ode.org/}
}


@incollection{Nelles2001,
year={2001},
isbn={978-3-642-08674-8},
booktitle={Nonlinear System Identification},
doi={10.1007/978-3-662-04323-3_19},
title={Neural Networks with Internal Dynamics},
url={http://dx.doi.org/10.1007/978-3-662-04323-3_19},
publisher={Springer Berlin Heidelberg},
author={Nelles, Oliver},
pages={645-651},
language={English}
}
